@ARTICLE{Carati2008,
   author = {{Carati}, A. and {Cacciatori}, S.~L. and {Galgani}, L.},
    title = "{Discrete matter, far fields, and dark matter}",
  journal = {EPL (Europhysics Letters)},
archivePrefix = "arXiv",
   eprint = {0903.1355},
 primaryClass = "astro-ph.CO",
     year = 2008,
    month = sep,
   volume = 83,
    pages = {59002},
      doi = {10.1209/0295-5075/83/59002},
   adsurl = {http://adsabs.harvard.edu/abs/2008EL.....8359002C},
  adsnote = {Provided by the SAO/NASA Astrophysics Data System}
}

@ARTICLE{Chandra43,
   author = {{Chandrasekhar}, S.},
    title = "{Stochastic Problems in Physics and Astronomy}",
  journal = {Reviews of Modern Physics},
     year = 1943,
    month = jan,
   volume = 15,
    pages = {1-89},
      doi = {10.1103/RevModPhys.15.1},
   adsurl = {http://adsabs.harvard.edu/abs/1943RvMP...15....1C},
  adsnote = {Provided by the SAO/NASA Astrophysics Data System}
}